@MISC {proofdet,
TITLE = {Why is determinant a multilinear function?},
AUTHOR = {Nick Alger (https://math.stackexchange.com/users/3060/nick-alger)},
HOWPUBLISHED = {Mathematics Stack Exchange},
NOTE = {(version: 2017-06-27)},
EPRINT = {https://math.stackexchange.com/q/2283168},
URL = {https://math.stackexchange.com/q/2283168}
}

@book{sethna,
  author    = {James P. Sethna}, 
  title     = {Statistical Mechanics: Entropy, Order Parameters, and Complexity},
  publisher = {Oxford University Press},
  year      = 2006,
  isbn      = {9780198566779}
}

@book{renormalization,
  author = {Daniel J. Amit},
  title  = {Field Theory, the Renormalization Group and Critical Phenomena},
  publisher = {WSPC},
  year = 2005,
  isbn = {9812561196}
}

@book{mathsm,
  author    = {Colin J. Thompson}, 
  title     = {Mathematical Statistical Mechanics},
  publisher = {Princeton University PRess},
  year      = 1972
}

@article{jaynes-secondlaw,
author = {Jaynes,E. T. },
title = {Gibbs vs Boltzmann Entropies},
journal = {American Journal of Physics},
volume = {33},
number = {5},
pages = {391-398},
year = {1965},
doi = {10.1119/1.1971557},

URL = { 
        https://doi.org/10.1119/1.1971557
},
eprint = { 
        https://doi.org/10.1119/1.1971557
}
}

@MISC{jaynes2,
    author = {E. T. Jaynes},
    title = {The Second Law as Physical Fact and as Human Inference},
    year = {1998}
}

@book{ferromagnets,
author = {Aharoni, Amikan},
year = {2000},
month = {11},
pages = {6-7},
title = {An Introduction to the Theory of Ferromagnetism},
url = {https://archive.org/details/introductiontoth00ahar/page/6},
isbn = {978-0198508090}
}

@book{huang,
  author = {Huang, Kerson},
  biburl = {https://www.bibsonomy.org/bibtex/2c1351deedab5631d6a1dca678ccc9ad9/dhruvbansal},
  edition = 2,
  publisher = {John Wiley \& Sons},
  title = {Statistical Mechanics},
  year = 1987
}

@article{low-exp,
author = {Lee, S.-F and Lin, K.-Y},
year = {1996},
month = {01},
pages = {1261-1269},
title = {Low-temperature series expansions for the square-lattice Ising model with first and second neighbour interactions},
volume = {34}
}

@article{ising-low,
        doi = {10.1088/0305-4470/27/21/014},
        url = {https://doi.org/10.1088%2F0305-4470%2F27%2F21%2F014},
        year = 1994,
        month = {11},
        publisher = {{IOP} Publishing},
        volume = {27},
        number = {21},
        pages = {6987--7005},
        author = {I G Enting and A J Guttmann and I Jensen},
        title = {Low-temperature series expansions for the spin-1 Ising model},
        journal = {Journal of Physics A: Mathematical and General}
}

@article{euler_population,
  author = {Bacaër, Nicolas},
  year = {2011},
  month = {01},
  pages = {},
  title = {Euler and the geometric growth of populations (1748–1761)},
  doi = {10.1007/978-0-85729-115-8_3}
}
